% Course Textbook
@book{malik2015,
  place={Stamford, CT},
  edition={7},
  title={C programming: program design including data structures},
  publisher={Cengage Learning},
  author={Malik, D. S.},
  year={2015}
}

@online{cppstylelineup,
  title={C++ Style Guide Lineup},
  author={Rothe, Tom et al.},
  publisher={Github.com},
  url={https://github.com/motine/cppstylelineup},
  urldate={2020-04-25}
}

@online{googlecppstyle,
title={C++ Style Guide},
publisher={Google, Inc.},
url={https://google.github.io/styleguide/cppguide.html},
urldate={2020-04-25}
}

@online{mozillastandard,
  title={Coding style},
  publisher={Mozilla Foundation},
  url={https://firefox-source-docs.mozilla.org/code-quality/coding-style/coding_style_cpp.html},
  urldate={2020-04-25}
}
